@report{Ceb24,
    title = {Political Fragility: Coups d'État and Their Drivers},
    author = {Aliona Cebotari and Enrique Chueca-Montuenga and Yoro Diallo and Yunsheng Ma and Rima Turk and Weining Xin and Harold Zavarce},
    year = {2024},
    publisher = {IMF Working Paper 24/34},
    doi = {https://doi.org/10.23696/mcwt-fr58}
}

@report{Cop24,
    title = {V-Dem Dataset v14* Varieties of Democracy (V-Dem) Project},
    author = {Michael Coppedge and John Gerring and Carl Henrik Knutsen and Staffan I. Lindlberg and Jan Teorell and David Altman and Fabio Angiolillo and Michael Bernhard and Cecilia Borella and Agnes Cornell and Steven M. Fish and Linnea Fox and Lisa Gastaldi and Haakon Gjerløw and Adam Glynn and Ana Good God and Sandra Grahn and Allen Hicken and Ktrin Kinzelbach and Joshua Krusell and Kyle L. Marquardt and kelly Mcmann and Valeriya Mechkova and Juraj Medzihorsky and Natalia Natsika and Anja Neundorf and Pamela Paxton and Daniel Pemstein and Josefine Pernes and Oskar Rydén and Johannes von Römer and Brigitte Seim and Rachel Sigman and Svend-Erik Skanning and Jeffrey Staton and Aksel Sundström and Eitan Tzelgov and Yi-ting Wang and Tore Wig and Steven Wilson and Daniel Ziblatt},
    year = {2024},
    type = {Report},
    doi = {https://doi.org/10.23696/mcwt-fr58}
}

@report{Pem24,
    title = {The V-Dem Measurement Model: Latent Variable Analysis for Cross-National and Cross-Temporal Expert-Coded Data},
    author = {Daniel Pemstein and Kyle L. Marquadt and Eitan Tzelgov and Yi-ting Wang and Juraj Medzihorsky and Joshua Krusell and Farhad Miri and Johannes von Römer},
    year = {2024},
    institution = {University of Gothenburg: Varieties of Democracy Institute},
    department = {V-Dem Working Paper No. 21 9th edition},
    type = {Report}
}

@article{Pow11,
    title = {Global Instances of Coups from 1950 to 2010: A New Dataset},
    author = {Jonathan M. Powell and Clayton L. Thyne},
    year = {2011},
    journal = {Journal of Peace Research},
    volume = {48},
    number = {2},
    pages = {249-259}
}

@article{Bre01,
    title = {Random forests},
    author = {Leo Breiman},
    year = {2001},
    journal = {Machine Learning},
    volume = {45},
    pages = {5-32},
    doi = {http://doi.org/10.1023/A:1010933404324}
}

@article{Che16,
    title = {XGBoost: A Scalable Tree Boosting System},
    author = {Tiangi Chen and Carlos Guestrin},
    year = {2016},
    journal = {Proceedings of the 22nd interntional conference on knowledge discovery and data mining},
    pages = {785-794},
    doi = {https://doi.org/10.48550/arXiv.1603.02754}
}

@article{Str10,
    title = {An efficient explanation of individual classification using game theory},
    author = {Erik Strumbelj},
    year = {2010},
    journal = {The Journal of Machine Learning Research},
    volume = {11},
    pages = {1-18}
}

@article{Lun17,
    title = {A unified approach to interpreting model predictions},
    author = {Scott M. Lundberg and Su-In Lee},
    year = {2017},
    journal = {Advances in Neural Information processing systems},
    volume = {30}
}
